@misc{kube_cases,
  title = {{Kubernetes} Case Studies},
  howpublished = {\url{https://kubernetes.io/case-studies/}},
  note = {Accessed: 2020-11-09}
}

@misc{docker_build,
  title = {{How to build application inside and outside Docker}},
  howpublished = {\url{https://medium.com/@saurabh.singh0829/how-to-build-application-inside-and-outside-docker-dockerfile-structure-and-commands-f542b58cd830}},
  note = {Accessed: 2020-11-09}
}

@misc{docker,
  title = {{Docker} Documentation},
  howpublished = {\url{https://docs.docker.com/}},
  note = {Accessed: 2020-11-12}
}

@misc{deepfake,
  title = {Jim Carrey DeepFake},
  howpublished = {\url{https://www.youtube.com/watch?v=JbzVhzNaTdI}},
  author = {Ctrl Shift Face},
  note = {Accessed: 2020-11-23}
}
